<record><leader>00000cas a22000007a 4500</leader><controlfield tag="001">13001243</controlfield><controlfield tag="008">860110d18471849wvuwr ne      0    0eng d</controlfield><datafield ind1=" " ind2=" " tag="010"><subfield code="a">sn 86092014 </subfield></datafield><datafield ind1=" " ind2=" " tag="040"><subfield code="a">WVC</subfield><subfield code="b">eng</subfield><subfield code="c">WVC</subfield><subfield code="d">DLC</subfield><subfield code="d">OCL</subfield><subfield code="d">OCLCQ</subfield></datafield><datafield ind1=" " ind2=" " tag="042"><subfield code="a">msc</subfield></datafield><datafield ind1="0" ind2=" " tag="130"><subfield code="a">Baptist recorder (Fairmont, Va.)</subfield></datafield><datafield ind1="1" ind2="4" tag="245"><subfield code="a">The Baptist recorder.</subfield></datafield><datafield ind1=" " ind2=" " tag="260"><subfield code="a">Fairmont, Va. [W. Va.] :</subfield><subfield code="b">Dr. William D. Eyster</subfield></datafield><datafield ind1=" " ind2=" " tag="300"><subfield code="a">v.</subfield></datafield><datafield ind1=" " ind2=" " tag="310"><subfield code="a">Weekly</subfield></datafield><datafield ind1="1" ind2=" " tag="362"><subfield code="a">Began in 1847? Ceased in 1849?</subfield><subfield code="z">Cf. Norona and Shetler. W. Va. Imprints.</subfield></datafield><datafield ind1=" " ind2=" " tag="500"><subfield code="a">Editor: Joseph Walker.</subfield></datafield><datafield ind1=" " ind2=" " tag="588"><subfield code="a">Description based on: Vol. 2, no. 16 (June 6, 1849).</subfield></datafield><datafield ind1=" " ind2=" " tag="752"><subfield code="a">United States</subfield><subfield code="b">West Virginia</subfield><subfield code="c">Marion</subfield><subfield code="d">Fairmont.</subfield></datafield><datafield ind1="0" ind2="0" tag="785"><subfield code="t">Mountain messenger and Baptist recorder</subfield><subfield code="w">(DLC)sn 86092181</subfield></datafield></record>